%% https://verbosus.com/bibtex-style-examples.html

@book{hall13,
    author	= "Daniel Hall",
    title	= "{Ansible Configuration Management}",
    year	= "2013",
    publisher	= "Packt Publishing",
    isbn	= {978-1-78328081-0},
    note        = "Das einzige Buch zu Ansible; nur 92 Seiten, lohnt
                  vermutlich nicht",
}
